@misc{getbibtexBibTeXGenerator,
	author = {Karol Dzialowski},
	title = {{U}{R}{L} to {B}ib{T}e{X} generator - get {B}ib{T}e{X} for any website --- getbibtex.com},
	howpublished = {\url{https://www.getbibtex.com/}},
	year = {},
	note = {[Accessed 12-08-2024]},
}